@article{DH76,
  author    = {Whitfield Diffie and
               Martin E. Hellman},
  title     = {New directions in cryptography},
  journal   = {{IEEE} Trans. Information Theory},
  volume    = 22,
  number    = 6,
  pages     = {644--654},
  year      = 1976,
  url       = {https://doi.org/10.1109/TIT.1976.1055638},
  doi       = {10.1109/TIT.1976.1055638},
  timestamp = {Sun, 28 May 2017 13:18:48 +0200},
  biburl    = {https://dblp.org/rec/bib/journals/tit/DiffieH76},
  bibsource = {dblp computer science bibliography, https://dblp.org}
}


@article{RSA78,
  author    = {Ronald L. Rivest and
               Adi Shamir and
               Leonard M. Adleman},
  title     = {A Method for Obtaining Digital Signatures and Public-Key Cryptosystems},
  journal   = {Commun. {ACM}},
  volume    = {21},
  number    = {2},
  pages     = {120--126},
  year      = {1978},
  url       = {http://doi.acm.org/10.1145/359340.359342},
  doi       = {10.1145/359340.359342},
  timestamp = {Tue, 07 Jun 2011 16:51:11 +0200},
  biburl    = {https://dblp.org/rec/bib/journals/cacm/RivestSA78},
  bibsource = {dblp computer science bibliography, https://dblp.org}
}

